%% This BibTeX bibliography file was created using BibDesk.
%% https://bibdesk.sourceforge.io/

%% Created for Peter Boberg at 2018-05-22 12:11:52 +0200 


%% Saved with string encoding Unicode (UTF-8) 



@misc{towards-data-sci,
	Author = {Shagar Sharma},
	Date-Added = {2018-05-22 10:11:08 +0000},
	Date-Modified = {2018-05-22 10:11:52 +0000},
	Howpublished = {https://towardsdatascience.com/},
	Month = {09},
	Year = {2017}}

@misc{mit-neural-netwirks,
	Author = {Larry Hardesty},
	Date-Added = {2018-05-22 08:52:32 +0000},
	Date-Modified = {2018-05-22 08:53:31 +0000},
	Howpublished = {http://news.mit.edu/2017/explained-neural-networks-deep-learning-0414},
	Month = {04},
	Title = {Explained: Neural networks},
	Year = {2017}}

@misc{neural_networks,
	Author = {Michael Neilsen},
	Date-Added = {2018-04-30 09:42:13 +0000},
	Date-Modified = {2018-04-30 09:43:40 +0000},
	Howpublished = {http://neuralnetworksanddeeplearning.com/},
	Month = {Dec},
	Title = {Neural Networks and Deep Learning},
	Year = {2017}}

@misc{piza_uni,
	Author = {Stefano Abbatea and Marco Avvenutia and Francesco Bonatesta and Guglielmo Colaa and Paolo Corsinia and Alessio Vecchioa},
	Date-Added = {2018-04-09 10:09:31 +0000},
	Date-Modified = {2018-04-09 10:21:22 +0000},
	Howpublished = {Dip. di Ingegneria dell'Informazione, University of Pisa},
	Month = {08},
	Title = {A smartphone-based fall detection system},
	Year = {2012}}

@misc{int_journ,
	Author = {Kerim Yildirim and Gokhan Ucar and Tahir Keskin and Adnan Kavak},
	Date-Added = {2018-04-06 13:54:15 +0000},
	Date-Modified = {2018-04-09 10:21:53 +0000},
	Howpublished = {International Journal of Applied Mathematics, International Journal of Applied Mathematics},
	Month = {08},
	Title = {Fall Detection Using Smartphone-Based Application},
	Year = {2016}}

@misc{av,
	Author = {Arbetsmilj{\"o}verket},
	Date-Added = {2018-03-21 11:11:01 +0000},
	Date-Modified = {2018-03-21 11:11:26 +0000},
	Howpublished = {https://www.av.se/globalassets/filer/statistik/arbetsmiljostatistik-fallolyckor-korta-arbetsskadefakta-nr-3-2016-faktablad.pdf},
	Month = {03},
	Title = {Fallolyckor, kort arbetsskadefakta Nr 3/2016},
	Year = {2018}}

@misc{who,
	Author = {World Health Organization},
	Date-Added = {2018-03-20 13:58:38 +0000},
	Date-Modified = {2018-04-09 10:23:04 +0000},
	Howpublished = {http://www.who.int/mediacentre/factsheets/fs344/en/},
	Keywords = {20},
	Month = {2018},
	Title = {Falls},
	Year = {03}}

@misc{msb_report,
	Author = {Myndigheten f{\"o}r sammh{\"a}llskydd och beredskap},
	Date-Added = {2018-03-20 13:46:15 +0000},
	Date-Modified = {2018-03-20 13:47:09 +0000},
	Howpublished = {https://www.msb.se/RibData/Filer/pdf/27442.pdf},
	Month = {2018},
	Title = {Fallolyckor - Statistik och analys},
	Year = {03}}

@misc{soc_olyckor,
	Date-Added = {2018-03-20 13:28:13 +0000},
	Date-Modified = {2018-03-20 13:45:34 +0000},
	Howpublished = {http://www.socialstyrelsen.se/nyheter/2016/flerdoravfallolyckor},
	Keywords = {20},
	Lastchecked = {2018-03-20},
	Month = {03},
	Publisher = {Socialstyrelsen},
	Title = {Fler d{\"o}r av fallolyckor},
	Year = {2018},
	Bdsk-Url-1 = {http://www.socialstyrelsen.se/nyheter/2016/flerdoravfallolyckor}}
