%% This BibTeX bibliography file was created using BibDesk.
%% http://bibdesk.sourceforge.net/

%% Created for Andreas Lagerstrom at 2018-05-04 14:31:00 +0200 


%% Saved with string encoding Unicode (UTF-8) 



@book{borrego,
	Author = {Borrego, M. and Douglas, E. P. and Amelink, C. T.},
	Date-Added = {2018-05-04 12:27:54 +0000},
	Date-Modified = {2018-05-04 12:29:30 +0000},
	Publisher = {Journal of Engineering Education},
	Title = {Quantitative, Qualitative, and Mixed Research Methods in Engineering Education.},
	Year = {2009}}

@book{yin,
	Author = {Robert K. Yin},
	Date-Added = {2018-05-04 12:18:03 +0000},
	Date-Modified = {2018-05-04 12:21:30 +0000},
	Publisher = {Beverly Hills, Calif: Sage publications},
	Title = {Case Study Research: Design and Methods},
	Year = {1984}}

@misc{neural_networks,
	Author = {Michael Neilsen},
	Date-Added = {2018-04-30 09:42:13 +0000},
	Date-Modified = {2018-04-30 09:43:40 +0000},
	Howpublished = {http://neuralnetworksanddeeplearning.com/},
	Month = {Dec},
	Title = {Neural Networks and Deep Learning},
	Year = {2017}}

@misc{piza_uni,
	Author = {Stefano Abbatea and Marco Avvenutia and Francesco Bonatesta and Guglielmo Colaa and Paolo Corsinia and Alessio Vecchioa},
	Date-Added = {2018-04-09 10:09:31 +0000},
	Date-Modified = {2018-04-09 10:21:22 +0000},
	Howpublished = {Dip. di Ingegneria dell'Informazione, University of Pisa},
	Month = {08},
	Title = {A smartphone-based fall detection system},
	Year = {2012}}

@misc{int_journ,
	Author = {Kerim Yildirim and Gokhan Ucar and Tahir Keskin and Adnan Kavak},
	Date-Added = {2018-04-06 13:54:15 +0000},
	Date-Modified = {2018-04-09 10:21:53 +0000},
	Howpublished = {International Journal of Applied Mathematics, International Journal of Applied Mathematics},
	Month = {08},
	Title = {Fall Detection Using Smartphone-Based Application},
	Year = {2016}}

@misc{av,
	Author = {Arbetsmilj{\"o}verket},
	Date-Added = {2018-03-21 11:11:01 +0000},
	Date-Modified = {2018-03-21 11:11:26 +0000},
	Howpublished = {https://www.av.se/globalassets/filer/statistik/arbetsmiljostatistik-fallolyckor-korta-arbetsskadefakta-nr-3-2016-faktablad.pdf},
	Month = {03},
	Title = {Fallolyckor, kort arbetsskadefakta Nr 3/2016},
	Year = {2018}}

@misc{who,
	Author = {World Health Organization},
	Date-Added = {2018-03-20 13:58:38 +0000},
	Date-Modified = {2018-04-09 10:23:04 +0000},
	Howpublished = {http://www.who.int/mediacentre/factsheets/fs344/en/},
	Keywords = {20},
	Month = {2018},
	Title = {Falls},
	Year = {03}}

@misc{msb_report,
	Author = {Myndigheten f{\"o}r sammh{\"a}llskydd och beredskap},
	Date-Added = {2018-03-20 13:46:15 +0000},
	Date-Modified = {2018-03-20 13:47:09 +0000},
	Howpublished = {https://www.msb.se/RibData/Filer/pdf/27442.pdf},
	Month = {2018},
	Title = {Fallolyckor - Statistik och analys},
	Year = {03}}

@misc{soc_olyckor,
	Date-Added = {2018-03-20 13:28:13 +0000},
	Date-Modified = {2018-03-20 13:45:34 +0000},
	Howpublished = {http://www.socialstyrelsen.se/nyheter/2016/flerdoravfallolyckor},
	Keywords = {20},
	Lastchecked = {2018-03-20},
	Month = {03},
	Publisher = {Socialstyrelsen},
	Title = {Fler d{\"o}r av fallolyckor},
	Year = {2018},
	Bdsk-Url-1 = {http://www.socialstyrelsen.se/nyheter/2016/flerdoravfallolyckor}}
