%% This BibTeX bibliography file was created using BibDesk.
%% http://bibdesk.sourceforge.net/

%% Created for Andreas Lagerstrom at 2018-03-19 11:35:14 +0100 


%% Saved with string encoding Unicode (UTF-8) 



@article{hund,
	Author = {Min Hund},
	Date-Added = {2018-03-19 10:34:47 +0000},
	Date-Modified = {2018-03-19 10:35:13 +0000},
	Title = {Lite olika}}

@article{mig,
	Author = {Jag Sj{\"a}lv},
	Date-Added = {2018-03-19 10:28:17 +0000},
	Date-Modified = {2018-03-19 10:34:21 +0000},
	Title = {Min egna fantasi},
	Year = {2018}}
