%% This BibTeX bibliography file was created using BibDesk.
%% http://bibdesk.sourceforge.net/

%% Created for Peter Boberg at 2018-03-21 12:11:28 +0100 


%% Saved with string encoding Unicode (UTF-8) 



@misc{av,
	Author = {Arbetsmilj{\"o}verket},
	Date-Added = {2018-03-21 11:11:01 +0000},
	Date-Modified = {2018-03-21 11:11:26 +0000},
	Howpublished = {https://www.av.se/globalassets/filer/statistik/arbetsmiljostatistik-fallolyckor-korta-arbetsskadefakta-nr-3-2016-faktablad.pdf},
	Month = {03},
	Title = {Fallolyckor, kort arbetsskadefakta Nr 3/2016},
	Year = {2018}}

@misc{who,
	Author = {World Health Organization},
	Date-Added = {2018-03-20 13:58:38 +0000},
	Date-Modified = {2018-03-20 13:59:49 +0000},
	Howpublished = {http://www.who.int/mediacentre/factsheets/fs344/en/},
	Keywords = {20},
	Month = {2018},
	Title = {Falls},
	Year = {03}}

@misc{msb_report,
	Author = {Myndigheten f{\"o}r sammh{\"a}llskydd och beredskap},
	Date-Added = {2018-03-20 13:46:15 +0000},
	Date-Modified = {2018-03-20 13:47:09 +0000},
	Howpublished = {https://www.msb.se/RibData/Filer/pdf/27442.pdf},
	Month = {2018},
	Title = {Fallolyckor - Statistik och analys},
	Year = {03}}

@misc{soc_olyckor,
	Date-Added = {2018-03-20 13:28:13 +0000},
	Date-Modified = {2018-03-20 13:45:34 +0000},
	Howpublished = {http://www.socialstyrelsen.se/nyheter/2016/flerdoravfallolyckor},
	Keywords = {20},
	Lastchecked = {2018-03-20},
	Month = {03},
	Publisher = {Socialstyrelsen},
	Title = {Fler d{\"o}r av fallolyckor},
	Year = {2018},
	Bdsk-Url-1 = {http://www.socialstyrelsen.se/nyheter/2016/flerdoravfallolyckor}}
